<?xml version="1.0" encoding="UTF-8"?><collection xmlns="http://www.loc.gov/MARC21/slim"><record><leader>00407nam--2200133-i-4500</leader><controlfield tag="001">000036733</controlfield><controlfield tag="002">20161230</controlfield><controlfield tag="005">20161230201041</controlfield><controlfield tag="008">060222s1000------------r-----000-0-eng-d</controlfield><datafield ind1=" " ind2=" " tag="080"><subfield code="a">547.979.733:543.5(043)</subfield></datafield><datafield ind1=" " ind2=" " tag="100"><subfield code="a">Plus, Remi</subfield></datafield><datafield ind1=" " ind2=" " tag="245"><subfield code="a">Etude de complexes du magnesium et de porphyrines par spectroscopie vibrationnelle. these</subfield></datafield><datafield ind1=" " ind2=" " tag="260"><subfield code="a">Paris, L`Univ.Pierre Et Marie Curie, 1978, 109p</subfield></datafield><datafield ind1=" " ind2=" " tag="852"><subfield code="a">45990</subfield></datafield></record></collection>